/user/as6154/bib/bib.bib